@article{brown2020language,
  title={Language models are few-shot learners},
  author={Brown, Tom and Mann, Benjamin and Ryder, Nick and Subbiah, Melanie and Kaplan, Jared D and Dhariwal, Prafulla and Neelakantan, Arvind and Shyam, Pranav and Saxena, Girish and Sharma, Sandhini and others},
  journal={Advances in neural information processing systems},
  volume={33},
  pages={1877--1893},
  year={2020}
}

@article{chowdhery2022palm,
  title={PaLM: Scaling language modeling with pathways},
  author={Chowdhery, Aakanksha and Narang, Sharan and Devlin, Jacob and Bosma, Maarten and Mishra, Gaurav and Roberts, Adam and Barham, Paul and Chung, Hyung Won and Sutton, Charles and Gehrmann, Sebastian and others},
  journal={Journal of Machine Learning Research},
  volume={24},
  number={240},
  pages={1--113},
  year={2023}
}

@article{openai2023gpt4,
  title={GPT-4 technical report},
  author={OpenAI},
  journal={arXiv preprint arXiv:2303.08774},
  year={2023}
}

@article{hendrycks2020measuring,
  title={Measuring massive multitask language understanding},
  author={Hendrycks, Dan and Burns, Collin and Basart, Steven and Zou, Andy and Mazeika, Mantas and Song, Dawn and Steinhardt, Jacob},
  journal={arXiv preprint arXiv:2009.03300},
  year={2020}
}

@article{srivastava2022beyond,
  title={Beyond the imitation game: Quantifying and extrapolating the capabilities of language models},
  author={Srivastava, Aarohi and Rastogi, Abhinav and Rao, Abhishek and Shoeb, Abu Awal Md and Abid, Abubakar and Fisch, Adam and Brown, Adam R and Santoro, Adam and Kwiatkowski, Tom and Evans, Richard and others},
  journal={arXiv preprint arXiv:2206.04615},
  year={2022}
}

@book{klein2012survival,
  title={Survival analysis: techniques for censored and truncated data},
  author={Klein, John P and Moeschberger, Melvin L},
  year={2003},
  publisher={Springer Science \& Business Media}
}

@article{cox1972regression,
  title={Regression models and life-tables},
  author={Cox, David R},
  journal={Journal of the Royal Statistical Society: Series B (Methodological)},
  volume={34},
  number={2},
  pages={187--202},
  year={1972},
  publisher={Wiley Online Library}
}

@article{liu2016not,
  title={How NOT to evaluate your dialogue system: An empirical study of unsupervised evaluation metrics for dialogue response generation},
  author={Liu, Chia-Wei and Lowe, Ryan and Serban, Iulian and Noseworthy, Mike and Charlin, Laurent and Pineau, Joelle},
  journal={arXiv preprint arXiv:1603.08023},
  year={2016}
}

@article{see2019makes,
  title={What makes a good conversation? How controllable attributes affect human judgments},
  author={See, Abigail and Roller, Stephen and Kiela, Douwe and Weston, Jason},
  journal={arXiv preprint arXiv:1902.08654},
  year={2019}
}

@article{kaplan1958nonparametric,
  title={Nonparametric estimation from incomplete observations},
  author={Kaplan, Edward L and Meier, Paul},
  journal={Journal of the American statistical association},
  volume={53},
  number={282},
  pages={457--481},
  year={1958},
  publisher={Taylor \& Francis}
}

@inproceedings{reimers2019sentence,
  title={Sentence-BERT: Sentence embeddings using Siamese BERT-networks},
  author={Reimers, Nils and Gurevych, Iryna},
  booktitle={Proceedings of the 2019 Conference on Empirical Methods in Natural Language Processing and the 9th International Joint Conference on Natural Language Processing (EMNLP-IJCNLP)},
  pages={3982--3992},
  year={2019}
}

@inproceedings{walker1997paradise,
  title={PARADISE: A framework for evaluating spoken dialogue agents},
  author={Walker, Marilyn A and Litman, Diane J and Kamm, Candace A and Abella, Alicia},
  booktitle={Proceedings of the eighth conference on European chapter of the Association for Computational Linguistics},
  pages={271--280},
  year={1997}
}

@article{serban2016building,
  title={Building end-to-end dialogue systems using generative hierarchical neural network models},
  author={Serban, Iulian Vlad and Sordoni, Alessandro and Bengio, Yoshua and Courville, Aaron and Pineau, Joelle},
  journal={Proceedings of the AAAI Conference on Artificial Intelligence},
  volume={30},
  number={1},
  year={2016}
}

@inproceedings{budzianowski2018multiwoz,
  title={MultiWOZ--a large-scale multi-domain wizard-of-oz dataset for task-oriented dialogue modelling},
  author={Budzianowski, Pawe{\l} and Wen, Tsung-Hsien and Tseng, Bo-Hsiang and Casanueva, I{\~n}igo and Ultes, Stefan and Ramadan, Osman and Ga{\v{s}}i{\'c}, Milica},
  booktitle={Proceedings of the 2018 Conference on Empirical Methods in Natural Language Processing},
  pages={5016--5026},
  year={2018}
}

@inproceedings{zhang2018personalizing,
  title={Personalizing dialogue agents: I have a dog, do you have pets too?},
  author={Zhang, Saizheng and Dinan, Emily and Urbanek, Jack and Szlam, Arthur and Kiela, Douwe and Weston, Jason},
  booktitle={Proceedings of the 56th Annual Meeting of the Association for Computational Linguistics (Volume 1: Long Papers)},
  pages={2204--2213},
  year={2018}
}

@article{smith2020put,
  title={Can you put it all together: Evaluating conversational agents' ability to blend skills},
  author={Smith, Eric Michael and Williamson, Mary and Shuster, Kurt and Weston, Jason and Boureau, Y-Lan},
  journal={arXiv preprint arXiv:2004.08449},
  year={2020}
}

@article{dziri2021neural,
  title={Neural path hunter: reducing hallucination in dialogue systems via path grounding},
  author={Dziri, Nouha and Madotto, Andrea and Zaiane, Osmar and Bose, Avishek Joey},
  journal={arXiv preprint arXiv:2104.08455},
  year={2021}
}

@article{sankar2019neural,
  title={How2: a large-scale dataset for multimodal language understanding},
  author={Sankar, Chinnadhurai and Subramanian, Sandeep and Pal, Christopher and Chandar, Sarath and Bengio, Yoshua},
  journal={arXiv preprint arXiv:1811.00347},
  year={2018}
}

@article{khandelwal2018sharp,
  title={Sharp nearby, fuzzy far away: How neural language models use context},
  author={Khandelwal, Urvashi and He, He and Qi, Peng and Jurafsky, Dan},
  journal={arXiv preprint arXiv:1805.04623},
  year={2018}
}

@article{press2021train,
  title={Train short, test long: Attention with linear biases enables input length extrapolation},
  author={Press, Ofir and Smith, Noah A and Lewis, Mike},
  journal={arXiv preprint arXiv:2108.12409},
  year={2021}
}

@book{lawless2011statistical,
  title={Statistical models and methods for lifetime data},
  author={Lawless, Jerald F},
  volume={362},
  year={2011},
  publisher={John Wiley \& Sons}
}

@article{hooker2020compressed,
  title={The hardware lottery},
  author={Hooker, Sara},
  journal={Communications of the ACM},
  volume={64},
  number={12},
  pages={58--65},
  year={2021}
}

@article{fort2019deep,
  title={Deep ensembles: A loss landscape perspective},
  author={Fort, Stanislav and Hu, Huiyi and Lakshminarayanan, Balaji},
  journal={arXiv preprint arXiv:1912.02757},
  year={2019}
}

@article{tishby2015deep,
  title={Deep learning and the information bottleneck principle},
  author={Tishby, Naftali and Zaslavsky, Noga},
  journal={2015 ieee information theory workshop (itw)},
  pages={1--5},
  year={2015},
  organization={IEEE}
}

@article{xu2019information,
  title={Information-theoretic analysis of generalization capability of learning algorithms},
  author={Xu, Aolin and Raginsky, Maxim},
  journal={Advances in Neural Information Processing Systems},
  volume={30},
  year={2017}
}

@article{ni2021sentence,
  title={Sentence-t5: Scalable sentence encoders from pre-trained text-to-text models},
  author={Ni, Jianmo and Abeliuk, Gustavo and Gabrilovich, Evgeniy and Karpukhin, Vladimir},
  journal={arXiv preprint arXiv:2108.08877},
  year={2021}
}

@article{li2006paraphrase,
  title={Paraphrase identification as probabilistic quasi-synchronous recognition},
  author={Das, Dipanjan and Smith, Noah A},
  journal={Proceedings of the 47th Annual Meeting of the ACL and the 4th IJCNLP of the AFNLP},
  pages={468--476},
  year={2009}
}

@article{wieting2015towards,
  title={Towards universal paraphrastic sentence embeddings},
  author={Wieting, John and Bansal, Mohit and Gimpel, Kevin and Livescu, Karen},
  journal={arXiv preprint arXiv:1511.08198},
  year={2015}
}

@book{harrell1996multivariable,
  title={Regression modeling strategies: with applications to linear models, logistic regression, and survival analysis},
  author={Harrell Jr, Frank E},
  volume={608},
  year={2001},
  publisher={Springer}
}

@book{barlow1988engineering,
  title={Engineering reliability},
  author={Barlow, Richard E and Proschan, Frank},
  volume={17},
  year={1975},
  publisher={Society for Industrial and Applied Mathematics}
}

@article{goodfellow2014explaining,
  title={Explaining and harnessing adversarial examples},
  author={Goodfellow, Ian J and Shlens, Jonathon and Szegedy, Christian},
  journal={arXiv preprint arXiv:1412.6572},
  year={2014}
}

@article{madry2017towards,
  title={Towards deep learning models resistant to adversarial attacks},
  author={Madry, Aleksander and Makelov, Aleksandar and Schmidt, Ludwig and Tsipras, Dimitris and Vladu, Adrian},
  journal={arXiv preprint arXiv:1706.06083},
  year={2017}
}

@article{koh2021wilds,
  title={WILDS: A benchmark of in-the-wild distribution shifts},
  author={Koh, Pang Wei and Sagawa, Shiori and Marklund, Henrik and Xie, Sang Michael and Zhang, Marvin and Balsubramani, Akshay and Hu, Weihua and Yasunaga, Michihiro and Phillips, Richard Lanas and Gao, Irena and others},
  journal={International conference on machine learning},
  pages={5637--5664},
  year={2021},
  organization={PMLR}
}

@article{gulrajani2020search,
  title={In search of lost domain generalization},
  author={Gulrajani, Ishaan and Lopez-Paz, David},
  journal={arXiv preprint arXiv:2007.01434},
  year={2020}
}

@article{chung2022scaling,
  title={Scaling instruction-finetuned language models},
  author={Chung, Hyung Won and Hou, Le and Longpre, Shayne and Zoph, Barret and Tay, Yi and Fedus, William and Li, Eric and Wang, Xuezhi and Dehghani, Mostafa and Brahma, Siddhartha and others},
  journal={arXiv preprint arXiv:2210.11416},
  year={2022}
}

@article{williams2016dialog,
  title={The dialog state tracking challenge series: A review},
  author={Williams, Jason D and Raux, Antoine and Henderson, Matthew},
  journal={Dialogue \& Discourse},
  volume={7},
  number={3},
  pages={4--33},
  year={2016}
}

@article{harrell1982evaluating,
  title={Evaluating the yield of medical tests},
  author={Harrell Jr, Frank E and Califf, Robert M and Pryor, David B and Lee, Kerry L and Rosati, Robert A},
  journal={Jama},
  volume={247},
  number={18},
  pages={2543--2546},
  year={1982}
}

@article{akaike1974new,
  title={A new look at the statistical model identification},
  author={Akaike, Hirotugu},
  journal={IEEE transactions on automatic control},
  volume={19},
  number={6},
  pages={716--723},
  year={1974}
}

@article{schwarz1978estimating,
  title={Estimating the dimension of a model},
  author={Schwarz, Gideon and others},
  journal={The annals of statistics},
  volume={6},
  number={2},
  pages={461--464},
  year={1978}
}

@article{collett2015modelling,
  title={Modelling survival data in medical research},
  author={Collett, David},
  year={2015},
  publisher={CRC press}
}

@article{ishwaran2008random,
  title={Random survival forests},
  author={Ishwaran, Hemant and Kogalur, Udaya B and Blackstone, Eugene H and Lauer, Michael S},
  journal={The annals of applied statistics},
  volume={2},
  number={3},
  pages={841--860},
  year={2008}
}

@software{davidson2019lifelines,
  title={lifelines: survival analysis in Python},
  author={Davidson-Pilon, Cameron},
  url={https://github.com/CamDavidsonPilon/lifelines},
  version={0.27.7},
  year={2019}
}

@article{polsterl2020scikit,
  title={scikit-survival: A Library for Time-to-Event Analysis Built on Top of scikit-learn},
  author={P{\"o}lsterl, Sebastian},
  journal={Journal of Machine Learning Research},
  volume={21},
  number={212},
  pages={1--6},
  year={2020}
}

@inproceedings{shwartz2017opening,
  title={The color of words: On the relation between language and color processing},
  author={Shwartz, Vered and Reichart, Roi and Rappoport, Ari},
  booktitle={Proceedings of the 21st Conference on Computational Natural Language Learning (CoNLL 2017)},
  pages={181--189},
  year={2017}
}

@article{das2009paraphrase,
  title={Paraphrase identification as probabilistic quasi-synchronous recognition},
  author={Das, Dipanjan and Smith, Noah A},
  journal={Proceedings of the Joint Conference of the 47th Annual Meeting of the ACL and the 4th International Joint Conference on Natural Language Processing of the AFNLP},
  pages={468--476},
  year={2009}
}